<record><leader>00000cas a2200000 a 4500</leader><controlfield tag="001">12736822</controlfield><controlfield tag="008">851030d18871889ksuwr ne      0    0eng d</controlfield><datafield ind1=" " ind2=" " tag="010"><subfield code="a">sn 85032818 </subfield></datafield><datafield ind1=" " ind2=" " tag="040"><subfield code="a">KSH</subfield><subfield code="b">eng</subfield><subfield code="c">KSH</subfield><subfield code="d">NPT</subfield><subfield code="d">OCL</subfield><subfield code="d">OCLCQ</subfield></datafield><datafield ind1=" " ind2=" " tag="042"><subfield code="a">msc</subfield></datafield><datafield ind1="0" ind2=" " tag="130"><subfield code="a">Democrat (Colby, Kan.)</subfield></datafield><datafield ind1="1" ind2="4" tag="245"><subfield code="a">The democrat.</subfield></datafield><datafield ind1=" " ind2=" " tag="260"><subfield code="a">Colby, Kan. :</subfield><subfield code="b">C.R. Marks,</subfield><subfield code="c">1887-1889.</subfield></datafield><datafield ind1=" " ind2=" " tag="300"><subfield code="a">3 v. ;</subfield><subfield code="c">56 cm.</subfield></datafield><datafield ind1=" " ind2=" " tag="310"><subfield code="a">Weekly</subfield></datafield><datafield ind1="0" ind2=" " tag="362"><subfield code="a">Vol. 1, no. 42 (May 26, 1887)-v. 3, no. 36 (Apr. 11, 1889).</subfield></datafield><datafield ind1=" " ind2=" " tag="500"><subfield code="a">Published by Howard Carpenter, Nov. 3, 1887-Apr. 11, 1889.</subfield></datafield><datafield ind1=" " ind2=" " tag="525"><subfield code="a">Supplements included.</subfield></datafield><datafield ind1=" " ind2=" " tag="752"><subfield code="a">United States</subfield><subfield code="b">Kansas</subfield><subfield code="c">Thomas</subfield><subfield code="d">Colby.</subfield></datafield><datafield ind1="0" ind2="0" tag="780"><subfield code="t">Thomas County democrat</subfield><subfield code="w">(DLC)sn 85066335</subfield></datafield><datafield ind1="1" ind2=" " tag="029"><subfield code="a">AU@</subfield><subfield code="b">000022167250</subfield></datafield></record>